
@string {ACHA = "Appl.\ Comput.\ Harmon.\ Anal."}
@string {CPAM =  "Comm.\ Pure Appl.\ Math."}


@article{swe:lift1,
    author = {W. Sweldens},
    title = {The lifting scheme: {A} custom-design construction of
	     biorthogonal wavelets},
    journal  =  ACHA,
    volume = 3,
    number = 2,
    pages = {186--200},
    year = 1996,
    url = {http://cm.bell-labs.com/who/wim/papers/lift1.ps.gz}
}

@article {swe:lift2,
    author      = {W. Sweldens},
    title       = {The lifting scheme: {A} construction of second generation wavelets},
    journal     = {SIAM J. Math. Anal.},
    number      = 2,
    year	= 1997,
    volume	= 29,
    pages	= {511--546},
    url         = {http://cm.bell-labs.com/who/wim/papers/lift2.ps.gz}
}

@inproceedings {swe:spie95,
    author    = {W. Sweldens},
    title     = {The Lifting Scheme: A New Philosophy in Biorthogonal Wavelet Constructions},
    booktitle = {Wavelet Applications in Signal and Image Processing III},
    editor    = {A. F. Laine and M. Unser},
    publisher = {Proc.\ SPIE~2569},
    year      = {1995},
    pages     = {68--79},
    url       = {http://cm.bell-labs.com/who/wim/papers/lift2.ps.gz}
}

@techreport{cdsy:integer,
    author      = {R. Calderbank and I. Daubechies and W. Sweldens and B.-L. Yeo},
    title       = {Wavelet transforms that map integers to integers},
    journal	= ACHA,
    volume	= 5,
    number	= 3,
    pages	= {332--369},
    year	= {1998},
    url         = {http://cm.bell-labs.com/who/wim/papers/integer.ps.gz}
}

@techreport{ds:factor,
    author      = {I. Daubechies and W. Sweldens},
    title       = {Factoring Wavelet Transforms into Lifting Steps},
    journal = {J. Fourier Anal. Appl.},
    volume = 4,
    number = 3,
    pages = {245--267},
    year = {1998},
    url         = {http://cm.bell-labs.com/who/wim/papers/factor.ps.gz}
}

@article{coh-dau-fea:biorthogonal,
    author	= {A. Cohen and I. Daubechies and J. Feauveau},
    title	= {Bi-orthogonal bases of compactly supported wavelets},
    journal	= CPAM,
    volume	= 45,
    pages	= {485--560},
    year	= 1992,
    libis	= {370180 K.U.Leuven WWIS}
}

@techreport{bris:symwvlt,
    author      = {C. M. Brislawn},
    title       = {Classification of Symmetric Wavelet transforms},
    institution = {Computer Research Group},
    address     = {Los Alamos National Laboratory, Los Alamos, NM},
    type        = {Los Alamos Technical Report},
    number      = {LA-UR-92-2823},
    year        = 1993,
    url         = {ftp://ftp.c3.lanl.gov/pub/WSQ/documents/classify.ps.Z}
}

@article{bris:acha96,
    author      = {C. M. Brislawn},
    title	= {Classification of nonexpansive symmetric extension transforms for multirate filter banks},
    journal	= ACHA,
    volume	= 3,
    year	= 1996,
    pages	= {337--357},
    url         = {ftp://ftp.c3.lanl.gov/pub/WSQ/documents/acha96.ps.Z}
}

@techreport{ITA-Wavelets-WP1.1,
    author  	= {G. Uytterhoeven and D. Roose and A. Bultheel},
    title   	= {Wavelet Transforms Using the {L}ifting {S}cheme},
    institution	= {Department of Computer Science},
    address	= {Katholieke Universiteit Leuven, Belgium},
    type	= {{ITA-Wavelets} {R}eport},
    number	= {WP 1.1},
    year    	= 1996,
    month	= Nov
}

@article { jansen97:GCV,
    author = "Jansen, M. and Malfait, M. and Bultheel, A.",
    journal = "Signal Processing",
    volume = "56",
    number = "1",
    title = "Generalized Cross Validation for wavelet thresholding",
    year = "1997",
    month = "January",
    pages = "33--44",
}

@article{ArtJB97a,
    author = "Jansen, M. and Bultheel, A.",
    journal = "IEEE Transactions on Image Processing",
    note = "Accepted",
    title = "Multiple wavelet threshold estimation by generalised cross validation for images with correlated noise",
    year = "1998",
    url = "http://www.cs.kuleuven.ac.be/\~{}maarten/corgcv.ps.gz",
}

@inproceedings { UytVWuJanRooBul98,
    author = "Uytterhoeven, G. and Van Wulpen, F. and Jansen, M. and Roose, D.  and Bultheel, A.",
    editor = "Hanson, K.M.",
    booktitle = "{M}edical {I}maging 1998: Image Processing",
    month = "February",
    pages = "1490--1501",
    publisher = "The {I}nternational {S}ociety for {O}ptical {E}ngineering",
    series = "{SPIE} {P}roceedings",
    title = "{WAILI}: {A} Software Library for Image Processing using Integer Wavelet transforms",
    volume = "3338",
    year = "1998",
}
